 @MISC{orsDOL,
	author = {Bureau of Labor Statistics},
	title = {Occupational {R}equirements {S}urvey},
  	year={2016},
	howpublished= {\url{https://www.bls.gov/ncs/ors/data.htm}} 
}

@MISC{onet,
	author = {National Center for O*NET Development},
	title = {O*{NET} OnLine},
  	year={2017},
	howpublished= {\url{https://www.onetonline.org}} 
}

@Article{pmid25042994,
   Author="Gobbens, R. J.  and van Assen, M. A.  and Schalk, M. J. ",
   Title="{{T}he prediction of disability by self-reported physical frailty components of the {T}ilburg {F}railty {I}ndicator ({T}{F}{I})}",
   Journal="Arch Gerontol Geriatr",
   Year="2014",
   Volume="59",
   Number="2",
   Pages="280--287"
}

@Article{pmid15157280,
   Author="Turner, J. A.  and Franklin, G.  and Fulton-Kehoe, D.  and Egan, K.  and Wickizer, T. M.  and Lymp, J. F.  and Sheppard, L.  and Kaufman, J. D. ",
   Title="{{P}rediction of chronic disability in work-related musculoskeletal disorders: a prospective, population-based study}",
   Journal="BMC Musculoskelet Disord",
   Year="2004",
   Volume="5",
   Pages="14",
   Month="May"
}

@inproceedings{Ng2004,
 author = {Ng, Andrew Y.},
 title = {Feature Selection, {L}1 vs. {L}2 Regularization, and Rotational Invariance},
 booktitle = {Proceedings of the Twenty-first International Conference on Machine Learning},
 series = {ICML '04},
 year = {2004},
 isbn = {1-58113-838-5},
 location = {Banff, Alberta, Canada},
 pages = {78--},
 url = {http://doi.acm.org/10.1145/1015330.1015435},
 doi = {10.1145/1015330.1015435},
 acmid = {1015435},
 publisher = {ACM},
 address = {New York, NY, USA},
} 

@article {hastie2007,
author = {Park, Mee Young and Hastie, Trevor},
title = {L1-regularization path algorithm for generalized linear models},
journal = {Journal of the Royal Statistical Society: Series B (Statistical Methodology)},
volume = {69},
number = {4},
publisher = {Blackwell Publishing Ltd},
issn = {1467-9868},
url = {http://dx.doi.org/10.1111/j.1467-9868.2007.00607.x},
doi = {10.1111/j.1467-9868.2007.00607.x},
pages = {659--677},
keywords = {Generalized linear model, Lasso, Path algorithm, Predictorâ€“corrector method, Regularization, Variable selection},
year = {2007},
}

@ARTICLE{friedman2000,
    author = {Jerome H. Friedman},
    title = {Greedy Function Approximation: A Gradient Boosting Machine},
    journal = {Annals of Statistics},
    year = {2000},
    volume = {29},
    pages = {1189--1232}
}

@MISC{freund96,
    author = {Yoav Freund and Robert E. Schapire},
    title = {Experiments with a New Boosting Algorithm},
    year = {1996}
}

@INPROCEEDINGS{Breiman01,
    author = {Leo Breiman and E. Schapire},
    title = {Random forests},
    booktitle = {Machine Learning},
    year = {2001},
    pages = {5--32}
}

@book{Goodfellow2016,
    title={Deep Learning},
    author={Ian Goodfellow and Yoshua Bengio and Aaron Courville},
    publisher={MIT Press},
    note={\url{http://www.deeplearningbook.org}},
    year={2016}
}

@book{pytorch,
author =   {Adam Paszke, Sam Gross, Soumith Chintala, Gregory Chanan, Trevor Killeen, Sasank Chilamkurthy, Sergey Zagoruyko, Adam Lerer, Francisco Massa, Alykhan Tejani, Luca Antiga, Alban Desmaison, Andreas Kopf, James Bradbury, Zeming Lin, Yuandong Tian, Guillaume Lample, Marat Dukhan, Natalia Gimelshein, Christian Sarofeen, Martin Raison, Edward Yang, Zachary Devito},
title =    {PyTorch},
note={\url{https://github.com/pytorch}},
year={2016}
}

@article{Bengio2009,
author = {Bengio, Yoshua},
doi = {10.1561/2200000006},
isbn = {2200000006},
issn = {1935-8237},
journal = {Foundations and Trends in Machine Learning},
number = {1},
title = {Learning Deep Architectures for {A}{I}},
volume = {2},
year = {2009}
}

@article {Athey2017,
	author = {Athey, Susan},
	title = {Beyond prediction: Using big data for policy problems},
	volume = {355},
	number = {6324},
	pages = {483--485},
	year = {2017},
	doi = {10.1126/science.aal4321},
	publisher = {American Association for the Advancement of Science},
	issn = {0036-8075},
	URL = {http://science.sciencemag.org/content/355/6324/483},
	eprint = {http://science.sciencemag.org/content/355/6324/483.full.pdf},
	journal = {Science}
}

@article{rehkopf2017impact,
  title={The impact of health and education on future labour force participation among individuals aged 55--74 in the United States of America: The MacArthur Foundation Research Network on an Aging Society},
  author={Rehkopf, David H and Adler, Nancy E and Rowe, John W},
  journal={Ageing \& Society},
  volume={37},
  number={7},
  pages={1313--1337},
  year={2017},
  publisher={Cambridge University Press}
}

@article{kenny2008physical,
  title={Physical work capacity in older adults: implications for the aging worker},
  author={Kenny, Glen P and Yardley, Jane E and Martineau, Lucie and Jay, Ollie},
  journal={American journal of industrial medicine},
  volume={51},
  number={8},
  pages={610--625},
  year={2008},
  publisher={Wiley Online Library}
}

@article{cutler2013health,
  title={Health and Work Capacity of Older Adults: Estimates and Implications for Social Security Policy},
  author={Cutler, David M and Meara, Ellen and Richards-Shubik, Seth},
  year={2013}
}

@article{benitez1999empirical,
  title={An empirical analysis of the social security disability application, appeal, and award process},
  author={Ben{\i}tez-Silva, Hugo and Buchinsky, Moshe and Chan, Hiu Man and Rust, John and Sheidvasser, Sofia},
  journal={Labour Economics},
  volume={6},
  number={2},
  pages={147--178},
  year={1999},
  publisher={Elsevier}
 }
  



